@book{USA2001Nutrient,
  title={Nutrient requirements of dairy cattle.},
  author={USA, National Research Council Subcommittee on Dairy Cattle Nutrition},
  publisher={National Academy of Sciences},
  year={2001},
}

@misc{weather,
key = {weather},
title = "{天气后报}",
note = "\url{http://www.tianqihoubao.com/}"
}


@misc{tianqi,
key = {tianqi},
title = "{中国天气网}",
note = "\url{http://www.weather.com.cn/}"
}


@misc{xgboost_github,
key = {xgboost_github},
title = "{XGBoost: eXtreme Gradient Boosting}",
note = "\url{https://github.com/dmlc/XGBoost}"
}

@article{Chen2016XGBoost,
  title={XGBoost: A Scalable Tree Boosting System},
  author={Chen, Tianqi and Guestrin, Carlos},
  pages={785-794},
  year={2016},
}


@misc{kaggle,
key = {kaggle},
title = "{Kaggle}",
note = "\url{https://www.kaggle.com/}"
}


@misc{kddcup2015,
key = {kddcup2015},
title = "{KDD Cup 2015}",
note = "\url{http://kddcup2015.com/submission-rank.html}"
}


@misc{xgboost_slides,
key = {xgboost_slides},
title = "{Introduction to Boosted Trees}",
note = "\url{http://homes.cs.washington.edu/~tqchen/pdf/BoostedTree.pdf}"
}

@misc{intro_xgboost,
key = {intro_xgboost},
title = "{Introduction to Boosted Trees}",
note = "\url{http://xgboost.readthedocs.io/en/latest/model.html}"
}

@misc{xgboost_para,
key = {xgboost_para},
title = "{XGBoost Parameters}",
note = "\url{https://github.com/dmlc/xgboost/blob/master/doc/parameter.md}"
}


@misc{grid_search,
key = {grid_search},
title = "{Tuning the hyper-parameters of an estimator}",
note = "\url{http://scikit-learn.org/stable/modules/grid_search.html}"
}


@article{thi_cow_wang,
  key = {thi_cow_wang},
  title={不同季节温湿度指数对奶牛生产性能和生理生化指标的影响},
  author={王祖新 and 王之盛 and 王立志 and 刘建华 and 许立新},
  journal={中国畜牧杂志},
  volume={45},
  number={23},
  pages={60-63},
  year={2009},
}

@article{vidakovic1994wavelets,
  title={Wavelets for kids},
  author={Vidakovic, Brani and Mueller, Peter},
  journal={Instituto de Estad{\'\i}stica, Universidad de Duke},
  year={1994}
}

@article{valens1999really,
  title={A really friendly guide to wavelets},
  author={Valens, Clemens},
  journal={ed. Clemens Valens},
  year={1999}
}
